<record><leader>00000cas a22000007a 4500</leader><controlfield tag="001">12940302</controlfield><controlfield tag="008">851220d19091909inudn ne      0    0eng d</controlfield><datafield ind1=" " ind2=" " tag="010"><subfield code="a">sn 85048245 </subfield></datafield><datafield ind1=" " ind2=" " tag="040"><subfield code="a">NPI</subfield><subfield code="b">eng</subfield><subfield code="c">NPI</subfield><subfield code="d">OCLCQ</subfield></datafield><datafield ind1="0" ind2="0" tag="245"><subfield code="a">Greenfield daily reporter and evening star.</subfield></datafield><datafield ind1=" " ind2=" " tag="260"><subfield code="a">Greenfield, Ind. :</subfield><subfield code="b">N.R. Spencer,</subfield><subfield code="c">1909.</subfield></datafield><datafield ind1=" " ind2=" " tag="300"><subfield code="a">v. :</subfield><subfield code="b">ill. (chiefly advertisements) ;</subfield><subfield code="c">55 cm.</subfield></datafield><datafield ind1=" " ind2=" " tag="310"><subfield code="a">Daily (except Sun.)</subfield></datafield><datafield ind1="0" ind2=" " tag="362"><subfield code="a">Vol. 5, no. 176 (Mar. 22, 1909)-v. 5, no. 231 (Sept. 18, 1909).</subfield></datafield><datafield ind1=" " ind2=" " tag="500"><subfield code="a">"An Independent newspaper."</subfield></datafield><datafield ind1=" " ind2=" " tag="515"><subfield code="a">Assumes the numbering of: The Evening star.</subfield></datafield><datafield ind1=" " ind2=" " tag="752"><subfield code="a">United States</subfield><subfield code="b">Indiana</subfield><subfield code="c">Hancock</subfield><subfield code="d">Greenfield.</subfield></datafield><datafield ind1="0" ind2="4" tag="780"><subfield code="t">Greenfield daily reporter (Greenfield, Ind. : 1908)</subfield><subfield code="w">(DLC)sn 85048242</subfield></datafield><datafield ind1="0" ind2="4" tag="780"><subfield code="t">Evening star (Greenfield, Ind.)</subfield><subfield code="w">(DLC)sn 85048243</subfield></datafield><datafield ind1="0" ind2="0" tag="785"><subfield code="t">Greenfield daily reporter (Greenfield, Ind. : 1909)</subfield><subfield code="w">(DLC)sn 85048247</subfield></datafield></record>